@article{temp,
	title={Модели согласования скрытого пространства в задаче прогнозирования},
	author={Яушев Ф.Ю., Исаченко Р.В., Стрижов В.В.},
	journal={Системы и средства информатики},
	pages={ 31(1)},
	year= {2021},
	url = {http://strijov.com/papers/Isachenko2020CanonicCorrelation.pdf}
	}
	
@article{7514029,
  author={Vagropoulos, Stylianos I. and Chouliaras, G. I. and Kardakos, E. G. and Simoglou, C. K. and Bakirtzis, A. G.},
  booktitle={2016 IEEE International Energy Conference (ENERGYCON)}, 
  title={Comparison of SARIMAX, SARIMA, modified SARIMA and ANN-based models for short-term PV generation forecasting}, 
  year={2016},
  volume={},
  number={},
  pages={1-6},
  doi={10.1109/ENERGYCON.2016.7514029}}
	
@article{abdi2003pls,
	author = {Abdi, Herv{\'{e}}},
	doi = {http://dx.doi.org/10.4135/9781412950589.n690},
	journal = {Encyclopedia for research methods for the social sciences},
	pages = {792--795},
	title = {{Partial Least Squares (PLS) Regression}},
	year = {2003}
}

@article{wegelin2000survey,
	title={A survey of Partial Least Squares (PLS) methods, with emphasis on the two-block case},
	author={Wegelin, Jacob A and others},
	journal={University of Washington, Department of Statistics, Tech. Rep},
	year={2000}
}
	
	
@article{temp2,
    author={Исаченко Р.В.},
    title={Выбор модели декодирования сигналов в пространствах высокой размерности.},
    year={2021},
    journal={Рукопись},
    url = {https://github.com/r-isachenko/PhDThesis/raw/master/doc/Isachenko2021PhDThesis.pdf}
    }

@article{feature_selection_ecog,
     author={Motrenko A.P., Strijov V.V.},
     title={Multi-way feature selection for ECoG-based brain-computer interface},
     journal={ Expert Systems with Applications, 114(30)},
     pages={402-413.},
     year={2018},
     url = {http://strijov.com/papers/MotrenkoStrijov2017ECoG_HL_2.pdf} 
}

@article{qpfs,
    author={Isachenko R.V., Strijov V.V.},
    title={Quadratic Programming Optimization with Feature Selection for Non-linear Models},
    journal={Lobachevskii Journal of Mathematics},
    year={2018},
    pages={39(9) : 1179-1187.},
    url = {https://rdcu.be/bfR32}
}

@article{temp5,
    author={Eliseyev A., Aksenova T.},
    title={Stable and artifact-resistant decoding of 3D hand trajectories from ECoG signals using the generalized additive model.},
    journal={Journal of neural engineering.},
    year={2014.}
}


@article{general_purpose_1300799,
  author={G. {Schalk} and D. J. {McFarland} and T. {Hinterberger} and N. {Birbaumer} and J. R. {Wolpaw}},
  journal={IEEE Transactions on Biomedical Engineering}, 
  title={BCI2000: a general-purpose brain-computer interface (BCI) system}, 
  year={2004},
  volume={51},
  number={6},
  pages={1034-1043},
  doi={10.1109/TBME.2004.827072},
  url = {https://ieeexplore.ieee.org/abstract/document/1300799}
 }

@article{BLANKERTZ20101303,
title = {Neurophysiological predictor of SMR-based BCI performance},
journal = {NeuroImage},
volume = {51},
number = {4},
pages = {1303-1309},
year = {2010},
issn = {1053-8119},
doi = {https://doi.org/10.1016/j.neuroimage.2010.03.022},
url = {https://www.sciencedirect.com/science/article/pii/S1053811910002922},
author = {Benjamin Blankertz and Claudia Sannelli and Sebastian Halder and Eva M. Hammer and Andrea Kübler and Klaus-Robert Müller and Gabriel Curio and Thorsten Dickhaus}
}

@article{ATYABI2013319,
title = {PSO-based dimension reduction of EEG recordings: Implications for subject transfer in BCI},
journal = {Neurocomputing},
volume = {119},
pages = {319-331},
year = {2013},
note = {Intelligent Processing Techniques for Semantic-based Image and Video Retrieval},
issn = {0925-2312},
doi = {https://doi.org/10.1016/j.neucom.2013.03.027},
url = {https://www.sciencedirect.com/science/article/pii/S0925231213005134},
author = {Adham Atyabi and Martin H. Luerssen and David M.W. Powers}
}

@article{7330455,
  author={L. {Vega-Escobar} and A. E. {Castro-Ospina} and L. {Duque-Muñoz}},
  booktitle={2015 20th Symposium on Signal Processing, Images and Computer Vision (STSIVA)}, 
  title={Feature extraction schemes for BCI systems}, 
  year={2015},
  volume={},
  number={},
  pages={1-6},
  doi={10.1109/STSIVA.2015.7330455},
  url = {https://ieeexplore.ieee.org/abstract/document/7330455}
  }
  
 @article{MICHE20112413,
title = {TROP-ELM: A double-regularized ELM using LARS and Tikhonov regularization},
journal = {Neurocomputing},
volume = {74},
number = {16},
pages = {2413-2421},
year = {2011},
note = {Advances in Extreme Learning Machine: Theory and Applications Biological Inspired Systems. Computational and Ambient Intelligence},
issn = {0925-2312},
doi = {https://doi.org/10.1016/j.neucom.2010.12.042},
url = {https://www.sciencedirect.com/science/article/pii/S092523121100258X},
author = {Yoan Miche and Mark {van Heeswijk} and Patrick Bas and Olli Simula and Amaury Lendasse}
}

@article{zhao2007stagewise,
  title={Stagewise lasso},
  author={Zhao, Peng and Yu, Bin},
  journal={The Journal of Machine Learning Research},
  volume={8},
  pages={2701--2726},
  year={2007},
  publisher={JMLR. org},
  url = {https://www.jmlr.org/papers/volume8/zhao07a/zhao07a.pdf}
}

@article{ridge,
author = { Donald W.   Marquardt  and  Ronald D.   Snee },
title = {Ridge Regression in Practice},
journal = {The American Statistician},
volume = {29},
number = {1},
pages = {3-20},
year  = {1975},
publisher = {Taylor & Francis},
doi = {10.1080/00031305.1975.10479105},
URL = {https://amstat.tandfonline.com/doi/abs/10.1080/00031305.1975.10479105},
eprint = {https://amstat.tandfonline.com/doi/pdf/10.1080/00031305.1975.10479105}
}

@article{tan2008genetic,
  title={A genetic algorithm-based method for feature subset selection},
  author={Tan, Feng and Fu, Xuezheng and Zhang, Yanqing and Bourgeois, Anu G},
  journal={Soft Computing},
  volume={12},
  number={2},
  pages={111--120},
  year={2008},
  publisher={Springer}
}

@article{article,
author = {Katrutsa, Aleksandr and Strijov, Vadim},
year = {2017},
month = {01},
pages = {},
title = {Comprehensive study of feature selection methods to solve multicollinearity problem according to evaluation criteria},
volume = {76},
journal = {Expert Systems with Applications},
doi = {10.1016/j.eswa.2017.01.048},
url = {https://www.researchgate.net/publication/312958330_Comprehensive_study_of_feature_selection_methods_to_solve_multicollinearity_problem_according_to_evaluation_criteria}
}

@article{eliseyev2016penalized,
	title={Penalized multi-way partial least squares for smooth trajectory decoding from electrocorticographic (ECoG) recording},
	author={Eliseyev, Andrey and Aksenova, Tetiana},
	journal={PloS one},
	volume={11},
	number={5},
	pages={e0154878},
	year={2016},
	publisher={Public Library of Science}
}

@article{chao2010long,
	title={Long-term asynchronous decoding of arm motion using electrocorticographic signals in monkey},
	author={Chao, Zenas C and Nagasaka, Yasuo and Fujii, Naotaka},
	journal={Frontiers in neuroengineering},
	volume={3},
	pages={3},
	year={2010},
	publisher={Frontiers}
}
